2517 4084
564 543 624 596 ivr
1058 540 1610 596 EPISTOLA·

561 642 658 682 tam
672 629 796 683 bene
812 631 863 683 &
886 630 1121 698 sapienter
1144 632 1475 683 instituendam
1496 633 1699 683 multum
1729 633 1988 711 adjumenti
2026 655 2054 687 v

550 697 737 748 ‘dentur
749 697 918 748 afferre
929 733 943 755 ‚
957 697 1118 747 Poetae
1132 715 1229 748 non
1278 697 1538 749 ostremum·
1545 699 1708 749 locum
1719 699 1801 749 fibz
1817 702 2054 751 vendican‘

559 760 826 828 fiquidema
837 762 960 812 vitio
976 761 1026 812 ὃ(
1039 763 1223 829 turpitu
1257 763 1336 813 ine
1352 763 1532 813 animos
1555 776 1759 818 avocant
1771 801 1785 824 ‚
1799 765 1856 814 ad
1873 766 2053 816 virtute

559 839 720 878 autem
739 828 789 878 &
806 827 1099 878 honestatem
1126 828 1338 878 excitant
1381 828 1432 878 &
1464 839 1666 889 acuunt,
1690 847 1847 880 mores
1881 832 2054 882 malos.

559 902 811 959 corruptos
845 892 1124 952 emendant,
1163 894 1327 957 paucis
1366 904 1548 943 tantum
1569 895 1786 960 exceptis
1803 929 1818 954 ,
1856 897 1938 960 qui
1977 897 2054 945 nih

557 969 733 1022 praeter
762 957 1060 1022 voluptatem
1093 957 1283 1006 lestoris
1362 968 1564 1007 uaerunt.
1595 957 1906 1025 Quapropter
1937 959 2054 1028 Reg‹

556 1021 749 1071 maximi
767 1021 984 1089 lingulati
996 974 1516 1075 benevolentiaqPo'e‘tas
1529 1022 1710 1089 semper
1721 1023 1825 1072 sunt
1836 1027 2054 1090 complex

556 1085 680 1136 Nam
695 1087 840 1136 Hiero
858 1086 1140 1136 Simonidem
1156 1120 1174 1142 ‚
1196 1088 1236 1134 C
1236 1102 1317 1135 ato
1329 1086 1534 1137 Ennium
1546 1122 1563 1143 ,
1582 1087 1732 1153 Caesar
1742 1089 1973 1155 Augustus
1989 1089 2053 1140 Vi

550 1152 719 1218 gilium
746 1185 763 1206 ‚
803 1150 995 1200 Varium
1017 1185 1034 1206 ,
1068 1152 1120 1202 &
1147 1153 1277 1200 hunc
1317 1152 1500 1217 (quem
1543 1151 1630 1201 tibi
1663 1152 2054 1206 nunc-offerirnus

554 1214 784 1286 Quintum
791 1215 1040 1265 Horatium
1053 1215 1288 1275 Flaccum,
1310 1216 1359 1264 in
1383 1215 1562 1266 summo
1581 1217 1746 1282 pretio.
1759 1218 1929 1267 habuit
1942 1221 2050 1285 plur

555 1283 719 1345 mique
750 1281 905 1330 fecit:
936 1281 1064 1330 hunc
1087 1316 1101 1341 ,
1130 1281 1321 1347 inquam
1343 1298 1472 1340 ,non
1505 1298 1653 1330 unum
1691 1283 1751 1333 de
1790 1283 1990 1343 multis„
2013 1284 2054 1334 se

554 1343 749 1395 Po'e'tam
769 1345 957 1410 (audeo
977 1345 1170 1411 dicere)
1187 1346 1633 1396 omnibus‘numeris
1657 1346 1921 1397 absolutum
1943 1348 2054 1398 :Poe'

552 1419 648 1458 tam
668 1409 922 1475 multiplici
949 1426 1108 1460 rerum
1132 1410 1270 1475 copia
1298 1408 1524 1460 refertum
1544 1413 1839 1470 „verborum
1858 1413 1934 1462 ele
1966 1415 2054 1462 anti

549 1475 842 1540 perpolitum
865 1509 879 1534 ,
910 1475 1105 1524 Poetam
1126 1475 1337 1540 denique
1353 1475 1560 1525 aulicum
1581 1511 1595 1535 ,
1610 1476 1660 1525 &
1681 1474 1838 1526 Princi
1874 1494 1901 1527 e
1967 1479 2054 1526 hril

550 1539 680 1588 tiano
717 1540 920 1589 maxime
952 1540 1163 1605 dignum.
1187 1539 1404 1588 Hinc-est
1423 1575 1438 1598 ‚
1471 1539 1600 1604 quod
1617 1539 1785 1588 Divus
1857 1541 2054 1609 ugustitw

549 1603 779 1669 imprimis
792 1603 928 1654 'ubet
940 1605 1197 1671 legendum
1214 1603 1306 1654 effe
1320 1605 1446 1654 hunc
1463 1603 1655 1654 Po‘e'tam
1670 1622 1682 1655 ε
1697 1606 1874 1672 quippe
1893 1607 1974 1673 qui
1989 1624 2051 1656 no

548 1669 693 1720 modo
725 1669 776 1735 ju
817 1669 981 1730 itiam,
1010 1670 1232 1720 invictam
1265 1670 1408 1719 animi
1442 1670 1814 1736 magnitudinem
1832 1706 1845 1728 ,
1867 1670 2054 1736 parlim<

548 1734 675 1783 niam
694 1770 707 1794 ,
751 1734 1091 1783 continentiam
1112 1770 1125 1794 ,
1156 1735 1439 1800 religionem
1474 1735 1523 1788 in
1551 1734 1712 1784 Deum
1730 1770 1744 1795 ,
1785 1735 2012 1800 pietatem
2035 1738 2050 1786 i

580 1809 766 1848 arentes
782 1834 796 1858 ,
811 1799 1085 1864 patientiam
1099 1816 1189 1865 pau
1225 1799 1391 1849 ertatis
1403 1834 1416 1858 ,
1440 1800 1490 1849 &
1505 1801 1910 1864 contemptionem
1918 1816 2054 1852 retur

544 1814 854 1913 Kumanarum
867 1863 1054 1914 summis
1069 1816 1286 1914 laudil'ms
1299 1863 1434 1930 prose
1471 1875 1610 1913 uatur
1621 1883 1636 1923 ;
1662 1864 1740 1914 sed
1759 1876 1924 1914 contra
1943 1884 2054 1931 rpen

542 1925 733 1988 fidiam,
763 1927 1032 1993 injustitiam
1052 1963 1067 1988 ,
1101 1939 1281 1978 metum
1303 1964 1318 1989 ,
1353 1882 1732 1994 prodigalitatem
1752 1964 1765 1988 ,
1800 1930 2045 1980 libidinem

542 1992 805 2052 luxuriam,
828 1994 1074 2043 avaritiam
1098 2028 1112 2053 ,
1151 2004 1295 2059 atque
1328 1993 1486 2042 omnia
1507 1993 1608 2042 fere
1632 1994 1751 2042 vitia
1779 1996 1950 2044 acerbe
1976 2012 2055 2045 car

540 2068 625 2122 pat
647 2093 661 2118 ,
693 2059 939 2125 vituperet
961 2093 976 2118 ,
1001 2058 1227 2125 exagitet.
1262 2057 1480 2107 Dies-*me
1500 2057 1692 2106 deficiat
1706 2093 1720 2118 ,
1741 2057 1787 2106 fi«
1808 2058 2054 2123 sapientiam

541 2122 683 2186 hujus
704 2123 862 2174 Poetae
880 2125 929 2173 in
952 2124 1093 2173 rebus
1115 2121 1552 2187 ipsis=in³veniendis
1573 2157 1588 2182 ,
1622 2121 1655 2170 fi
1686 2122 1938 2172 mirificum
1977 2124 2054 2188 eju

538 2187 796 2239 artificium
813 2190 864 2238 in
881 2188 1070 2254 lingulis
1090 2187 1422 2254 disponendis,
1456 2186 1489 2235 fi
1519 2188 1777 2237 verborum
1804 2188 1903 2237 vim
1937 2201 2053 2255 atqu

538 2253 837 2303 notiones-ad
854 2267 929 2303 res
941 2252 1060 2318 ipsas
1078 2252 1433 2318 exprimendas,
1453 2251 1736 2317 caeterasque
1757 2249 1859 2317 ejus
1874 2253 2054 2304 virtute

539 2315 757 2368 Poeticas
774 2317 936 2368 velim*
954 2317 1174 2383 aperire.-
1193 2314 1327 2379 Quid
1360 2316 1518 2366 multis
1541 2315 1561 2364 ?
1585 2313 1815 2365 Horatius
1836 2317 1932 2367 fine
1963 2336 2054 2370 con

536 2381 765 2432 troverfia
787 2383 1006 2432 omnibus
1036 2381 1195 2431 Poe'tis
1228 2382 1279 2431 &
1297 2379 1496 2430 Graecis·
1513 2381 1566 2430 &
1592 2379 1770 2430 Latinis
1797 2380 2054 2446 (Homemz

532 2443 721 2513 semper
754 2447 986 2514 excipio)
1015 2445 1081 2496 est
1094 2446 1268 2496 merito
1289 2444 1647 2512 anteponendus
1662 2481 1677 2506 ,
1696 2447 1745 2495 in
1760 2463 1869 2522 quo*
1885 2446 1946 2496 fic
1971 2448 2049 2498 sua

534 2511 658 2562 vitas
696 2530 806 2562 cum
838 2513 1041 2562 utilitate
1064 2511 1314 2561 contendit
1335 2546 1350 2571 ,
1383 2521 1438 2560 ut
1463 2510 1689 2560 lectorem
1715 2510 1806 2560 suis
1837 2511 2053 2562 illecebri

531 2575 677 2626 semel
705 2589 895 2642 captum
924 2577 1017 2627 sem
1054 2593 1107 2627 er
1135 2587 1297 2626 teneat
1325 2575 1562 2625 irretitum
1583 2611 1598 2636 ,
1631 2592 1722 2624 nec
1753 2575 1958 2625 dimittat
1981 2595 2054 2626 un·

567 2659 688 2691 uam.
704 2643 832 2692 Hinc
849 2643 994 2716 igitur
1007 2594 1051 2707 g,
1037 2641 1263 2706 Princeps
1283 2639 1582 2689 Illustriffime
1597 2640 1617 2705 )
1633 2641 1721 2688 tibi
1737 2638 1901 2705 saepius
1915 2641 2054 2710 legen

530 2658 643 2756 dum
663 2723 761 2755 non
780 2706 947 2755 dubito
968 2707 1080 2771 quin
1096 2706 1163 2754 illi
1179 2704 1402 2755 censeant
1414 2729 1431 2763 ,>
1479 2706 1527 2753 ui
1542 2705 1630 2753 tibi
1648 2704 1794 2753 libros
1812 2704 1936 2768 quafi
1987 2723 2054 2755 rae·

530 2769 741 2836 gustant:
757 2788 822 2821 ex
836 2788 931 2836 quo
947 2781 1167 2837 tanquam
1180 2787 1241 2819 ex
1254 2723 1558 2818 amoenisiimo
1571 2769 1622 2818 ὃ(
1639 2767 1915 2833 ampliffimo
1954 2781 2054 2820 ont<

526 2851 624 2884 non
638 2835 942 2885 solummulta
950 2835 1107 2884 officia
1118 2834 1176 2884 ad
1187 2834 1420 2900 Principis
1428 2835 1575 2883 vitam
1583 2832 1843 2910 praestantia
1853 2852 1869 2893 3
1882 2851 2052 2887 vetum

524 2901 671 2949 etiam
702 2900 818 2966 quid
847 2900 1015 2949 deceat
1052 2899 1263 2965 quodvis
1293 2915 1440 2965 genus
1469 2899 1745 2957 hommum-,2
1757 2898 1875 2964 quid
1899 2899 2054 2950 decea‘

562 2966 744 3015 uemvis
758 2965 975 3015 ordinem
992 3000 1009 3025 ‚
1026 2964 1234 3030 quidque
1250 2963 1437 3012 erudiat
1450 2963 1662 3076 <Quamvis
1672 2962 2054 3023 aetatem,-sexun

600 3029 923 3080 conditionem
943 3064 958 3090 ‚
978 3029 1166 3079 haurire
1181 3028 1363 3082 licebit.
1379 3027 1457 3077 Ad
1491 3043 1517 3078 e
1531 3062 1544 3086 ,
1558 3025 1594 3076 -fi
1607 3027 1791 3093 placet,
1803 3027 1933 3094 quod
1942 3026 2054 3079 Phi-

519 3094 622 3148 loso
658 3095 829 3145 horum
847 3095 1003 3145 nullus
1015 3093 1269 3156 distinctius
1284 3092 1533 3142 edocuerit
1543 3126 1557 3151 ,
1573 3109 1670 3158 quo
1680 3092 1814 3158 pasto
1824 3092 2054 3143 cumcivi·

522 3160 609 3211 bus
678 3160 943 3211 domesticis
952 3195 966 3220 ,
978 3176 1072 3226 quo
1083 3159 1223 3208 modo
1235 3175 1344 3209 cum
1355 3157 1610 3208 advenis&
1618 3156 1881 3223 peregrinis
1890 3192 1904 3217 ,
1917 3156 2054 3222 porri

557 3241 617 3275 ua
642 3226 825 3275 ratione
853 3242 962 3274 cum
990 3222 1218 3274 universis
1254 3222 1305 3273 &
1324 3222 1386 3272 fin
1423 3221 1514 3272 ulis
1546 3221 1602 3271 fit
1622 3240 1648 3271 a
1681 3220 1855 3270 endum
1894 3222 2054 3288 viv-en·

558 3307 748 3356 umque.
768 3289 886 3340 Haec
902 3290 1059 3340 omnia
1079 3287 1280 3355 (Prince
1315 3286 1387 3337 sn
1408 3237 1694 3350 ustriffime5
1706 3302 1814 3333 cum
1832 3284 2054 3335 Horatius

521 3364 618 3403 ωε
634 3353 898 3404 celsitudini
919 3353 1161 3404 &adferat
1174 3354 1224 3403 &
1241 3369 1273 3402 o
1309 3362 1411 3401 erat
1423 3385 1438 3410 ,
1462 3367 1558 3412 non
1574 3349 1710 3415 potui
1727 3348 1863 3414 (post
1882 3361 2054 3414 patrexr

521 3418 687 3486 nuum)
703 3417 1090 3477 Patronummihi
1104 3417 1316 3485 deligere
1329 3415 1404 3469 Te
1418 3414 1687 3483 digniorem
1703 3413 2054 3482 aut‘magisido.
